@misc{Problem,
author = {Françoise Ramond and Nicolas Marcos},
title = {{ROADEF}/{EURO} 2014 {C}hallenge, {T}rains don’t vanish! - {F}inal phase, {R}olling stock unit management on railway sites},
note = {{SNCF} - Innovation \& Research Department},
year = {2014},
}

@misc{RoadefResults,
title = {{Challenge ROADEF/EURO 2014 Final results}},
howpublished = {\url{http://challenge.roadef.org/2014/en/finalResults.php}},
note = {Visitado: 23-05-2016},
}

@techreport{MathHeuristic,
author    = {{Haahr, Jørgen Thorlund and Simon Henry Bull}},
title     = {{A Math-Heuristic Framework for the ROADEF/EURO Challenge 2014}},
institution = {{DTU Management Engineering}},
year      = {2014},
}

@techreport{ModelingApproach,
author    = {{Nicolas Catusse and Hadrien Cambazard}},
title     = {{Roadef Challenge 2014: A Modeling Approach, Rolling stock unit management on railway sites}},
institution = {{OSP}},
year      = {2014},
}

@article{Genetic,
    author    = {{P. Tormos, A. Lova, F. Barber, L. Ingolotti, M. Abril, M. A. Salido}},
    title     = {{A Genetic Algorithm for Railway Scheduling Problems}},
    journal   = {{Studies in Computational Intelligence}},
    volume   = {128},
    pages    = {255-276},
    year      = {2008},
}

@article{Caprara,
    author    = {{Caprara A, Fischetti M, Toth P}},
    title     = {{Modeling and solving the train timetabling problem}},
    journal   = {{Oper Res}},
    volume   = {{50}},
    pages    = {{851-861}},
    year      = {{2002}},
}

@article{Cacchiani,
    author    = {{Valentina Cacchiani, Alberto Caprara and Paolo Toth}},
    title     = {{A column generation approach to train timetabling on a corridor}},
    journal   = {{4OR}},
    volume   = {{6}},
    number   = {{2}},
    pages    = {{125-142}},
    year      = {{2008}},
}

@article{Mohammad,
    author    = {{Mohammad Ali Shafia, Mohsen Pourseyed Aghaee, Seyed Jafar Sadjadi, and Amin Jamili}},
    title     = {{Robust Train Timetabling Problem: Mathematical Model and Branch and Bound Algorithm}},
    journal   = {{IEEE Transactions on Intelligent Transportation Systems}},
    volume   = {{13}},
    number   = {{1}},
    pages    = {{307-317}},
    year      = {{2012}},
}

@article{Higgins,
    author    = {{A. Higgins and E. Kozan}},
    title     = {{Heuristic Techniques for Single Line Train Scheduling}},
    journal   = {{Journal of Heuristics}},
    pages    = {{43–62}},
    year      = {{1997}},
}

@article{DAriano,
    author    = {{Andrea D’Ariano, Dario Pacciarelli and Marco Pranzo}},
    title     = {{A branch and bound algorithm for scheduling trains in a railway network}},
    journal   = {{European Journal of Operational Research}},
    volume   = {{183}},
    pages    = {{643-657}},
    year      = {{2006}},
}

@article{Norio,
    author    = {{Tomii Norio, Tashiro Yoshiaki, Tanabe Noriyuki, Hirai Chikara 1 and Muraki Kunimitsu}},
    title     = {{Train Rescheduling Algorithm Which Minimizes Passengers’ Dissatisfaction}},
    journal   = {{Lecture Notes in Computer Science}},
    volume   = {{3533}},
    pages    = {{829-838}},
    year      = {{2005}},
}

@article{Ghoseiri,
    author    = {{Keivan Ghoseiri, Ferenc Szidarovszky and Mohammad Jawad Asgharpour}},
    title     = {{A multi-objective train scheduling model and solution}},
    journal   = {{Transportation Research Part B}},
    volume   = {{38}},
    pages    = {{927-952}},
    year      = {{2004}},
}

@article{Li,
    author    = {{Xiang Li, Dechun Wang, Keping Li and Ziyou Gao}},
    title     = {{A green train scheduling model and fuzzy multi-objective optimization algorithm}},
    journal   = {{Applied Mathematical Modelling}},
    volume   = {{37}},
    pages    = {{2063-2073}},
    year      = {{2013}},
}

@techreport{Haahr,
author    = {{Jørgen Thorlund Haahr and Simon Henry Bull}},
title     = {{Exact Methods for Solving the Train Departure Matching Problem}},
institution = {{Technical University of Denmark}},
year      = {2015},
}

@mastersthesis{Mulders,
    author    = {{Salomé Mulders and Yu-Lan Scholliers}},
    title     = {{Train Scheduling and Resource Managment in a Railway Station}},
    school    = {{Unversité Catholique de Louvain}},
    year      = {2014},
}

@misc{OrdMap,
title = {{Ordered map C++ Reference}},
howpublished = {\url{http://www.cplusplus.com/reference/map/map/}},
note = {Visitado: 28-06-2016},
}

@misc{UnOrdMap,
title = {{Unordered map C++ Reference}},
howpublished = {\url{http://www.cplusplus.com/reference/unordered_map/unordered_map/}},
note = {Visitado: 28-06-2016},
}