@article{Prosser93Hybrid,
 author = {Patrick Prosser},
 title = {Hybrid Algorithms For the Constraint Satisfaction Problem},
 journal = {Computational Intelligence},
 year = {1993},
 volume = {9},
 number = {3},
 pages = {268--299},
}

@misc{Problem,
 author = {Françoise Ramond and Nicolas Marcos},
 title = {{ROADEF}/{EURO} 2014 {C}hallenge, {T}rains don’t vanish! - {F}inal phase, {R}olling stock unit management on railway sites},
 note = {{SNCF} - Innovation \& Research Department},
 year = {2014},
}


