@misc{Problem,
author = {Françoise Ramond and Nicolas Marcos},
title = {{ROADEF}/{EURO} 2014 {C}hallenge, {T}rains don’t vanish! - {F}inal phase, {R}olling stock unit management on railway sites},
note = {{SNCF} - Innovation \& Research Department},
year = {2014},
}

@misc{RoadefResults,
title = {{Challenge ROADEF/EURO 2014 Final results}},
howpublished = {\url{http://challenge.roadef.org/2014/en/finalResults.php}},
note = {Visitado: 23-05-2016}
}

@techreport{MathHeuristic,
author    = {{Haahr, Jørgen Thorlund and Simon Henry Bull}},
title     = {{A Math-Heuristic Framework for the ROADEF/EURO Challenge 2014}},
institution = {{DTU Management Engineering}},
year      = {2014},
}

@techreport{ModelingApproach,
author    = {{Nicolas Catusse and Hadrien Cambazard}},
title     = {{Roadef Challenge 2014: A Modeling Approach, Rolling stock unit management on railway sites}},
institution = {{OSP}},
year      = {2014},
}
